<?xml version="1.0" encoding="UTF-8"?>
<collection xmlns="http://www.loc.gov/MARC21/slim"
    xmlns:xsi="http://www.w3.org/2001/XMLSchema-instance"
    xmlns:marc="http://www.loc.gov/MARC21/slim"
    xmlns:oai="http://www.openarchives.org/OAI/2.0/"
    xsi:schemaLocation="http://www.loc.gov/MARC21/slim http://www.loc.gov/standards/marcxml/schema/MARC21slim.xsd">
<marc:record>
    <marc:leader>00000cam a2200253 a 4500</marc:leader>
    <marc:controlfield tag="001">003878832</marc:controlfield>
    <marc:controlfield tag="003">OCoLC</marc:controlfield>
    <marc:controlfield tag="005">20131101092308.0</marc:controlfield>
    <marc:controlfield tag="008">131101s1943 tu f b 000 0 tur d</marc:controlfield>
    <marc:datafield tag="035" ind1=" " ind2=" ">
        <marc:subfield code="a">(OCoLC)827268834</marc:subfield>
        <marc:subfield code="z">(OCoLC)230750456</marc:subfield>
    </marc:datafield>
    <marc:datafield tag="040" ind1=" " ind2=" ">
        <marc:subfield code="a">UKSMC</marc:subfield>
        <marc:subfield code="c">UKSMC</marc:subfield>
        <marc:subfield code="d">UKSMC</marc:subfield>
        <marc:subfield code="d">NNU</marc:subfield>
    </marc:datafield>
    <marc:datafield tag="043" ind1=" " ind2=" ">
        <marc:subfield code="a">a-tu---</marc:subfield>
    </marc:datafield>
    <marc:datafield tag="050" ind1=" " ind2="4">
        <marc:subfield code="a">DS51.T2</marc:subfield>
        <marc:subfield code="b">E79 1943</marc:subfield>
    </marc:datafield>
    <marc:datafield tag="100" ind1="1" ind2=" ">
        <marc:subfield code="a">Erzen, Afif.</marc:subfield>
    </marc:datafield>
    <marc:datafield tag="245" ind1="1" ind2="0">
        <marc:subfield code="a">Tarsus kılavuzu /</marc:subfield>
        <marc:subfield code="c">yazan Afif Erzen.</marc:subfield>
    </marc:datafield>
    <marc:datafield tag="260" ind1=" " ind2=" ">
        <marc:subfield code="a">İstanbul :</marc:subfield>
        <marc:subfield code="b">Maarif Matbaası,</marc:subfield>
        <marc:subfield code="c">1943.</marc:subfield>
    </marc:datafield>
    <marc:datafield tag="300" ind1=" " ind2=" ">
        <marc:subfield code="a">30 p., [6] p. of plates :</marc:subfield>
        <marc:subfield code="b">ill. ;</marc:subfield>
        <marc:subfield code="c">20 cm.</marc:subfield>
    </marc:datafield>
    <marc:datafield tag="490" ind1="0" ind2=" ">
        <marc:subfield code="a">Maarif Vekilliği, Antikiteler ve Müzeler Direktörlüğü, Anıtları
            Koruma Kurulu ;</marc:subfield>
        <marc:subfield code="v">sayı 7</marc:subfield>
    </marc:datafield>
    <marc:datafield tag="504" ind1=" " ind2=" ">
        <marc:subfield code="a">Bibliography: p. 30.</marc:subfield>
    </marc:datafield>
    <marc:datafield tag="651" ind1=" " ind2="0">
        <marc:subfield code="a">Tarsus (Turkey)</marc:subfield>
        <marc:subfield code="x">Antiquities</marc:subfield>
        <marc:subfield code="v">Guidebooks.</marc:subfield>
    </marc:datafield>
    <marc:datafield tag="651" ind1=" " ind2="0">
        <marc:subfield code="a">Tarsus (Turkey)</marc:subfield>
        <marc:subfield code="x">Buildings, structures, etc.</marc:subfield>
        <marc:subfield code="v">Guidebooks.</marc:subfield>
    </marc:datafield>
    <marc:datafield tag="651" ind1=" " ind2="0">
        <marc:subfield code="a">Tarsus (Turkey)</marc:subfield>
        <marc:subfield code="x">History.</marc:subfield>
    </marc:datafield>
    <marc:datafield tag="710" ind1="1" ind2=" ">
        <marc:subfield code="a">Turkey.</marc:subfield>
        <marc:subfield code="b">Antikiteler ve Müzeler Direktörlüğü.</marc:subfield>
    </marc:datafield>
    <marc:datafield tag="994" ind1=" " ind2=" ">
        <marc:subfield code="a">Z0</marc:subfield>
        <marc:subfield code="b">ZYU</marc:subfield>
    </marc:datafield>
    <marc:datafield tag="936" ind1=" " ind2=" ">
        <marc:subfield code="a">PR 32570987</marc:subfield>
    </marc:datafield>
</marc:record>
</collection>
